<collection xmlns="http://www.loc.gov/MARC21/slim">
<record>
  <leader>03407nam0a22005531i 450 </leader>
  <controlfield tag="001">IT\ICCU\CNCE\025184</controlfield>
  <controlfield tag="005">20180924000000.0</controlfield>
  <datafield tag="012" ind1=" " ind2=" ">
    <subfield code="a">i-e- a.ab iaS. 7.pi (C) 1555 (R)</subfield>
    <subfield code="2">fei</subfield>
  </datafield>
  <datafield tag="100" ind1=" " ind2=" ">
    <subfield code="a">19970924d1555        0itac0103    ba</subfield>
  </datafield>
  <datafield tag="101" ind1=" " ind2=" ">
    <subfield code="a">LAT</subfield>
  </datafield>
  <datafield tag="102" ind1=" " ind2=" ">
    <subfield code="a">IT</subfield>
  </datafield>
  <datafield tag="200" ind1="1" ind2=" ">
    <subfield code="a">Sententiae omnes ac uerba, quae in diuini Hippocratis aphorismis continentur, iam recens &amp; accurate in nouum ordinem alphabeticum digesta, ut quaeuis in ipsis commemorata nunc facilius et celerius quam antea inueniri queant ... Auctoribus ac interpretibus fidissimis, Bartholomaeo &amp; Petro Rostiniis doctoribus physicis</subfield>
  </datafield>
  <datafield tag="210" ind1=" " ind2=" ">
    <subfield code="a">Venetiis</subfield>
    <subfield code="c">\Baldassarre Costantini!</subfield>
    <subfield code="d">1555</subfield>
    <subfield code="e">Venetiis</subfield>
    <subfield code="g">apud Balthassarem Constantinum ad signum Diui Georgij</subfield>
    <subfield code="h">1555</subfield>
  </datafield>
  <datafield tag="215" ind1=" " ind2=" ">
    <subfield code="a">\60! c.</subfield>
    <subfield code="d">8ʻ</subfield>
  </datafield>
  <datafield tag="620" ind1=" " ind2=" ">
    <subfield code="a">IT</subfield>
    <subfield code="d">Venezia</subfield>
  </datafield>
  <datafield tag="700" ind1=" " ind2="1">
    <subfield code="a">Rositini,</subfield>
    <subfield code="b">Bartolomeo</subfield>
    <subfield code="3">IT\ICCU\CNCA\000267</subfield>
  </datafield>
  <datafield tag="702" ind1=" " ind2="1">
    <subfield code="a">Rositini,</subfield>
    <subfield code="b">Pietro</subfield>
    <subfield code="3">IT\ICCU\CNCA\000268</subfield>
  </datafield>
  <datafield tag="702" ind1=" " ind2="0">
    <subfield code="a">Hippocrates</subfield>
    <subfield code="3">IT\ICCU\CNCA\000096</subfield>
  </datafield>
  <datafield tag="712" ind1="0" ind2="0">
    <subfield code="a">Costantini, Baldassarre</subfield>
    <subfield code="3">IT\ICCU\CNCT\000122</subfield>
    <subfield code="4">650</subfield>
  </datafield>
  <datafield tag="790" ind1=" " ind2="1">
    <subfield code="a">Rostinio,</subfield>
    <subfield code="b">Bartolomeo</subfield>
    <subfield code="3">IT\ICCU\CNCA\013616</subfield>
    <subfield code="z">Rositini, Bartolomeo</subfield>
  </datafield>
  <datafield tag="790" ind1=" " ind2="1">
    <subfield code="a">Rossettini da Prat&apos;Alboino,</subfield>
    <subfield code="b">Bartolomeo</subfield>
    <subfield code="3">IT\ICCU\CNCA\015328</subfield>
    <subfield code="z">Rositini, Bartolomeo</subfield>
  </datafield>
  <datafield tag="790" ind1=" " ind2="1">
    <subfield code="a">Rosettini,</subfield>
    <subfield code="b">Bartolommeo</subfield>
    <subfield code="3">IT\ICCU\CNCA\018733</subfield>
    <subfield code="z">Rositini, Bartolomeo</subfield>
  </datafield>
  <datafield tag="790" ind1=" " ind2="1">
    <subfield code="a">Rostinius,</subfield>
    <subfield code="b">Bartholomaeus</subfield>
    <subfield code="3">IT\ICCU\CNCA\022690</subfield>
    <subfield code="z">Rositini, Bartolomeo</subfield>
  </datafield>
  <datafield tag="790" ind1=" " ind2="1">
    <subfield code="a">Rostinio,</subfield>
    <subfield code="b">Pietro</subfield>
    <subfield code="3">IT\ICCU\CNCA\007013</subfield>
    <subfield code="z">Rositini, Pietro</subfield>
  </datafield>
  <datafield tag="790" ind1=" " ind2="1">
    <subfield code="a">Rossettini da Prat&apos;Alboino,</subfield>
    <subfield code="b">Pietro</subfield>
    <subfield code="3">IT\ICCU\CNCA\015329</subfield>
    <subfield code="z">Rositini, Pietro</subfield>
  </datafield>
  <datafield tag="790" ind1=" " ind2="1">
    <subfield code="a">Rosettini,</subfield>
    <subfield code="b">Pietro</subfield>
    <subfield code="3">IT\ICCU\CNCA\018732</subfield>
    <subfield code="z">Rositini, Pietro</subfield>
  </datafield>
  <datafield tag="790" ind1=" " ind2="1">
    <subfield code="a">Rosetinus,</subfield>
    <subfield code="b">Petrus</subfield>
    <subfield code="3">IT\ICCU\CNCA\022674</subfield>
    <subfield code="z">Rositini, Pietro</subfield>
  </datafield>
  <datafield tag="790" ind1=" " ind2="1">
    <subfield code="a">Rosetini,</subfield>
    <subfield code="b">Pietro</subfield>
    <subfield code="3">IT\ICCU\CNCA\022691</subfield>
    <subfield code="z">Rositini, Pietro</subfield>
  </datafield>
  <datafield tag="790" ind1=" " ind2="0">
    <subfield code="a">Hippokrates</subfield>
    <subfield code="3">IT\ICCU\CNCA\005430</subfield>
    <subfield code="z">Hippocrates</subfield>
  </datafield>
  <datafield tag="790" ind1=" " ind2="0">
    <subfield code="a">Ippocrate</subfield>
    <subfield code="c"> : di#Cos</subfield>
    <subfield code="3">IT\ICCU\CNCA\014391</subfield>
    <subfield code="z">Hippocrates</subfield>
  </datafield>
  <datafield tag="791" ind1="0" ind2="2">
    <subfield code="a">℗al segno di ℗San Giorgio</subfield>
    <subfield code="c"> &lt;1543-1558&gt;</subfield>
    <subfield code="3">IT\ICCU\CNCT\002716</subfield>
    <subfield code="z">Costantini, Baldassarre</subfield>
  </datafield>
  <datafield tag="791" ind1="0" ind2="0">
    <subfield code="a">Constantinus, Balthasar</subfield>
    <subfield code="3">IT\ICCU\CNCT\003182</subfield>
    <subfield code="z">Costantini, Baldassarre</subfield>
  </datafield>
  <datafield tag="791" ind1="0" ind2="0">
    <subfield code="a">Costantini, Baldissera</subfield>
    <subfield code="3">IT\ICCU\CNCT\004678</subfield>
    <subfield code="z">Costantini, Baldassarre</subfield>
  </datafield>
  <datafield tag="791" ind1="0" ind2="0">
    <subfield code="a">Constantinus, Baldassar</subfield>
    <subfield code="3">IT\ICCU\CNCT\004679</subfield>
    <subfield code="z">Costantini, Baldassarre</subfield>
  </datafield>
  <datafield tag="801" ind1=" " ind2="3">
    <subfield code="a">IT</subfield>
    <subfield code="b">ICCU</subfield>
    <subfield code="c">20201114</subfield>
  </datafield>
  <datafield tag="899" ind1=" " ind2=" ">
    <subfield code="a">Biblioteca estera - Universiteitsbibliotheek Gent. Gent</subfield>
    <subfield code="1">AA0011</subfield>
  </datafield>
  <datafield tag="899" ind1=" " ind2=" ">
    <subfield code="a">Biblioteca civica Berio. Genova</subfield>
    <subfield code="1">GE0036</subfield>
    <subfield code="2">SGE BE</subfield>
  </datafield>
  <datafield tag="899" ind1=" " ind2=" ">
    <subfield code="a">Biblioteca nazionale Braidense. Milano</subfield>
    <subfield code="1">MI0185</subfield>
    <subfield code="2">MIL NB</subfield>
  </datafield>
  <datafield tag="899" ind1=" " ind2=" ">
    <subfield code="a">Biblioteca civica. Padova</subfield>
    <subfield code="1">PD0090</subfield>
    <subfield code="2">PUV 55</subfield>
  </datafield>
  <datafield tag="899" ind1=" " ind2=" ">
    <subfield code="a">Biblioteca Oliveriana. Pesaro</subfield>
    <subfield code="1">PU0061</subfield>
    <subfield code="2">URB OL</subfield>
  </datafield>
  <datafield tag="899" ind1=" " ind2=" ">
    <subfield code="a">Biblioteca  Panizzi. Reggio Emilia</subfield>
    <subfield code="1">RE0052</subfield>
    <subfield code="2">RE2 PA</subfield>
  </datafield>
  <datafield tag="899" ind1=" " ind2=" ">
    <subfield code="a">Biblioteca nazionale centrale. Roma</subfield>
    <subfield code="1">RM0267</subfield>
    <subfield code="2">BVE CR</subfield>
  </datafield>
  <datafield tag="899" ind1=" " ind2=" ">
    <subfield code="a">Biblioteca universitaria Alessandrina. Roma</subfield>
    <subfield code="1">RM0280</subfield>
    <subfield code="2">RML 01</subfield>
  </datafield>
  <datafield tag="899" ind1=" " ind2=" ">
    <subfield code="a">Biblioteca comunale. Trento</subfield>
    <subfield code="1">TN0121</subfield>
    <subfield code="2">ZTN 01</subfield>
  </datafield>
  <datafield tag="899" ind1=" " ind2=" ">
    <subfield code="a">Biblioteca nazionale Marciana. Venezia</subfield>
    <subfield code="z">MUTILO</subfield>
    <subfield code="1">VE0049</subfield>
    <subfield code="2">VEA BM</subfield>
  </datafield>
  <datafield tag="899" ind1=" " ind2=" ">
    <subfield code="a">Biblioteca civica Bertoliana. Vicenza</subfield>
    <subfield code="1">VI0096</subfield>
    <subfield code="2">VIA BE</subfield>
  </datafield>
  <datafield tag="899" ind1=" " ind2=" ">
    <subfield code="a">Biblioteca diocesana. Viterbo</subfield>
    <subfield code="1">VT0125</subfield>
    <subfield code="2">PBE 68</subfield>
  </datafield>
  <datafield tag="911" ind1=" " ind2=" ">
    <subfield code="a">Sul front.</subfield>
    <subfield code="9">IT\ICCU\CNCM\000051</subfield>
  </datafield>
  <datafield tag="921" ind1=" " ind2=" ">
    <subfield code="a">IT\ICCU\CNCM\000051</subfield>
    <subfield code="b">Caduceo (bastone su cui si attorcigliano simmetricamente due serpenti coronati), sormontato da colomba e sostenuto da due mani uscenti da nubi.</subfield>
    <subfield code="e">Nulla sine labore est virtus.</subfield>
    <subfield code="c">Q40</subfield>
    <subfield code="c">Z190</subfield>
    <subfield code="d">Con e senza motto</subfield>
    <subfield code="f">CADUCEO</subfield>
    <subfield code="f">COLOMBA</subfield>
    <subfield code="f">MANI</subfield>
    <subfield code="f">NULLASINEL</subfield>
    <subfield code="f">SERPENTI</subfield>
    <subfield code="g">1549-1590</subfield>
  </datafield>
</record>
</collection>
